@book{DBLP:series/txcs/Voorhees20,
  author    = {David P. Voorhees},
  title     = {Guide to Efficient Software Design - An {MVC} Approach to Concepts,
               Structures, and Models},
  series    = {Texts in Computer Science},
  publisher = {Springer},
  year      = {2020},
  url       = {https://doi.org/10.1007/978-3-030-28501-2},
  doi       = {10.1007/978-3-030-28501-2},
  isbn      = {978-3-030-28500-5},
  timestamp = {Fri, 03 Jan 2020 11:16:41 +0100},
  biburl    = {https://dblp.org/rec/series/txcs/Voorhees20.bib},
  bibsource = {dblp computer science bibliography, https://dblp.org}
}

@misc{garrett2018mobile,
  title={Mobile restaurant ordering system},
  author={Garrett, James M and Connelly, Ryan},
  year={2018},
  month=oct # "~23",
  publisher={Google Patents},
  note={{US} Patent 10,109,026}
}

@misc{dev2004system,
  title={System and method for providing self-service restaurant ordering and payment},
  author={Dev, Roger and Samber, Mark and Craig, Michaleen and Mckenzie, Alyssa and Ward, Kelly},
  year={2004},
  month=aug # "~12",
  publisher={Google Patents},
  note={{US} Patent App. 10/620,717}
}

@misc{mueller1992customer,
  title={Customer operable system for a retail store or fast-food restaurant having plural ordering stations},
  author={Mueller, Raymond J},
  year={1992},
  month=jul # "~7",
  publisher={Google Patents},
  note={{US} Patent 5,128,862}
}

@article{DBLP:journals/jbi/VelupillaiSLRSM18,
  author    = {Sumithra Velupillai and
               Hanna Suominen and
               Maria Liakata and
               Angus Roberts and
               Anoop Shah and
               Katherine Morley and
               David Osborn and
               Joseph Hayes and
               Robert Stewart and
               Johnny Downs and
               Wendy W. Chapman and
               Rina Dutta},
  title     = {Using clinical Natural Language Processing for health outcomes research:
               Overview and actionable suggestions for future advances},
  journal   = {J. Biomed. Informatics},
  volume    = {88},
  pages     = {11--19},
  year      = {2018},
  url       = {https://doi.org/10.1016/j.jbi.2018.10.005},
  doi       = {10.1016/j.jbi.2018.10.005},
  timestamp = {Fri, 21 Feb 2020 15:46:30 +0100},
  biburl    = {https://dblp.org/rec/journals/jbi/VelupillaiSLRSM18.bib},
  bibsource = {dblp computer science bibliography, https://dblp.org}
}

@inproceedings{Du2019/10,
  title={Research on Laborer's Rights and Interests Protection under O2O Mode——Outsiders and; platforms are the entry points},
  author={Yumai Du},
  year={2019/10},
  booktitle={4th International Conference on Modern Management, Education Technology and Social Science (MMETSS 2019)},
  isbn={978-94-6252-808-6},
  url={https://doi.org/10.2991/mmetss-19.2019.124},
  doi={https://doi.org/10.2991/mmetss-19.2019.124},
  publisher={Atlantis Press}
}

@article{utpatadevi2012implementation,
  title={Implementation of {MVC} (Model-View-Controller) architectural to academic management information system with Android platform base},
  author={Utpatadevi, NLPP and Sudana, AAKO and Cahyawan, AAKA},
  journal={Int. J. Comput. Appl},
  volume={57},
  number={8},
  pages={1--6},
  year={2012}
}

@incollection{cosmina2017spring,
  title={Spring microservices with {S}pring {C}loud},
  author={Cosmina, Iuliana},
  booktitle={Pivotal Certified Professional Spring Developer Exam},
  pages={435--459},
  year={2017},
  publisher={Springer}
}

@misc{scifo2009online,
  title={Online food ordering system and method},
  author={Scifo, Danilo and Scifo, Marianne and Scifo, Daniel and Valente, Lisa and Valente, Robert},
  year={2009},
  month=aug # "~13",
  publisher={Google Patents},
  note={{US} Patent App. 12/069,895}
}

 @book{ladd2006expert,
  title={Expert Spring MVC and Web Flow},
  author={Ladd, Seth and Davison, Darren and Devijver, Steven and Yates, Colin and Harrop, Rob and Donald, Keith},
  volume={1},
  pages={2--4},
  year={2006},
  publisher={Springer}
}
@article{gupta2010mvc,
  title={{MVC} Design Pattern for the multi framework distributed applications using XML, {S}pring and {S}truts framework},
  author={Gupta, Praveen and Govil, Mahesh Chandra},
  journal={International Journal on Computer Science and Engineering},
  volume={2},
  number={04},
  pages={1047--1051},
  year={2010}
}
@book{sharma2017mastering,
  title={Mastering Microservices with Java 9: Build domain-driven microservice-based applications with Spring, Spring Cloud, and Angular},
  author={Sharma, Sourabh},
  pages={12--46},
  year={2017},
  publisher={Packt Publishing Ltd}
}

@article{zsf2019,
  title={基于微服务架构的国土档案系统},
  author={章仕锋 and 潘善亮},
  journal={计算机系统应用},
  volume={28},
  number={7},
  pages={44--50},
  year={2019}
}
@book{sharma2019mastering,
  title={Mastering Microservices with Java: Build Enterprise Microservices with Spring Boot 2.0, Spring Cloud, and Angular},
  author={Sharma, Sourabh},
  year={2019},
  pages={83--99},
  publisher={Packt Publishing Ltd}
}
@book{walls2016spring,
  title={Spring Boot in action},
  author={Walls, Craig},
  year={2016},
  pages={54--82},
  publisher={Manning Publications}
}
@book{antonov2018spring,
  title={Spring Boot 2.0 Cookbook: Configure, test, extend, deploy, and monitor your Spring Boot application both outside and inside the cloud},
  author={Antonov, Alex},
  year={2018},
  pages={71--103},
  publisher={Packt Publishing Ltd}
}

@book{carlson2013redis,
  title={Redis in action},
  author={Carlson, Josiah L},
  year={2013},
  pages={16--22},
  publisher={Manning Publications Co.}
}

@book{macedo2011redis,
  title={Redis Cookbook: Practical Techniques for Fast Data Manipulation},
  author={Macedo, Tiago and Oliveira, Fred},
  year={2011},
  pages={7--9},
  publisher={" O'Reilly Media, Inc."}
}
@book{da2015redis,
  title={Redis Essentials},
  author={Da Silva, Maxwell Dayvson and Tavares, Hugo Lopes},
  year={2015},
  pages={45--48},
  publisher={Packt Publishing Ltd}
}
@article{paksula2010,
  title={Persisting objects in Redis key-value database},
  author={Paksula, Matti},
  journal={University of Helsinki, Department of Computer Science},
  year={2010},
  pages={3--5},
}
@book{nelson2016mastering,
  title={Mastering Redis},
  author={Nelson, Jeremy},
  year={2016},
  pages={54--56},
  publisher={Packt Publishing Ltd}
}
@article{lerner2010forge,
  title={At the forge: Redis},
  author={Lerner, Reuven M},
  journal={Linux Journal},
  volume={2010},
  number={197},
  pages={5},
  year={2010},
  publisher={Belltown Media}
}
@inproceedings{okamoto2001react,
  title={React: Rapid enhanced-security asymmetric cryptosystem transform},
  author={Okamoto, Tatsuaki and Pointcheval, David},
  booktitle={Cryptographers’ Track at the RSA Conference},
  pages={159--174},
  year={2001},
  organization={Springer}
}
@article{sutcliffe1983antibodies,
  title={Antibodies that {R}eact with predetermined sites on proteins},
  author={Sutcliffe, J Gregor and Shinnick, Thomas M and Green, Nicola and Lerner, Richard A},
  journal={Science},
  volume={219},
  number={4585},
  pages={660--666},
  year={1983},
  publisher={American Association for the Advancement of Science}
}
@book{banks2017learning,
  title={Learning React: functional web development with React and Redux},
  author={Banks, Alex and Porcello, Eve},
  year={2017},
  pages={131--136},
  publisher={" O'Reilly Media, Inc."}
}
@book{chinnathambi2018learning,
  title={Learning React: A Hands-on Guide to Building Web Applications Using React and Redux},
  author={Chinnathambi, Kirupa},
  year={2018},
  pages={21--29},
  publisher={Addison-Wesley Professional}
}
@book{mardan2017react,
  title={React Quickly: Painless Web Apps with React, JSX, Redux, and GraphQL},
  author={Mardan, Azat},
  year={2017},
  pages={84--99},
  publisher={Manning Publications Co.}
}
@book{kafka1979basic,
  title={The Basic Kafka},
  author={Kafka, Franz},
  volume={82561},
  year={1979},
  pages={201--206},
  publisher={Simon and Schuster}
}
@book{deleuze1986kafka,
  title={Kafka: Toward a minor literature},
  author={Deleuze, Gilles},
  volume={30},
  year={1986},
  pages={16--24},
  publisher={U of Minnesota Press}
}
@inproceedings{kreps2011kafka,
  title={Kafka: A distributed messaging system for log processing},
  author={Kreps, Jay and Narkhede, Neha and Rao, Jun and others},
  booktitle={Proceedings of the NetDB},
  volume={11},
  pages={1--7},
  year={2011}
}
@misc{yamamoto1999raw,
  title={Raw materials ordering system},
  author={Yamamoto, Tsukasa and Ogawa, Masaya and Yoshida, Eichi and Hotta, Masataka and Morita, Toru and Omori, Akiko},
  year={1999},
  month=jun # "~22",
  publisher={Google Patents},
  note={{US} Patent 5,914,878}
}
@article{balalaie2016microservices,
  title={Microservices architecture enables devops: Migration to a cloud-native architecture},
  author={Balalaie, Armin and Heydarnoori, Abbas and Jamshidi, Pooyan},
  journal={Ieee Software},
  volume={33},
  number={3},
  pages={42--52},
  year={2016},
  publisher={IEEE}
}
@article{venugopal2017containerized,
  title={Containerized microservices architecture},
  author={Venugopal, MVLN},
  journal={International Journal Of Engineering And Computer Science},
  volume={6},
  number={11},
  pages={23199--23208},
  year={2017}
}
@incollection{subramanian2017modularization,
  title={Modularization and {W}ebpack},
  author={Subramanian, Vasan},
  booktitle={Pro MERN Stack},
  pages={115--150},
  year={2017},
  publisher={Springer}
}
@article{master2016,
  title={SurviveJS-{W}ebpack and {R}eact: From apprentice to master},
  author={Vepslinen, Juho},
  publisher={CreateSpace Independent Publishing Platform},
  pages={1--2},
  year={2016},
}
@article{abel2016reactjs,
  title={ReactJS: Become a professional in web app development},
  author={Abel, Todd},
  year={2016},
  pages={3--4},
  publisher={CreateSpace Independent Publishing Platform}
}
@inproceedings{yang2014druid,
  title={Druid: A real-time analytical data store},
  author={Yang, Fangjin and Tschetter, Eric and L{\'e}aut{\'e}, Xavier and Ray, Nelson and Merlino, Gian and Ganguli, Deep},
  booktitle={Proceedings of the 2014 ACM SIGMOD international conference on Management of data},
  pages={157--168},
  year={2014}
}
@inproceedings{singh1990druid,
  title={Druid: a system for demonstrational rapid user interface development},
  author={Singh, Gurminder and Kok, Chun Hong and Ngan, Teng Ye},
  booktitle={Proceedings of the 3rd annual ACM SIGGRAPH symposium on User interface software and technology},
  pages={167--177},
  year={1990}
}
@article{xu2017study,
  title={The study of WeChat payment users willingness factor},
  author={Xu, Wei},
  journal={Journal of Service Science and Management},
  volume={10},
  number={3},
  pages={251--259},
  year={2017},
  publisher={Scientific Research Publishing}
}
@inproceedings{liu2015application,
  title={Application of red envelopes--new weapon of WeChat payment},
  author={Liu, Wei and He, Xudong and Zhang, Peiyi},
  booktitle={2015 International Conference on Education, Management, Information and Medicine},
  year={2015},
  pages={45--76},
  organization={Atlantis Press}
}
@misc{harman2015systems,
  title={Systems and methods for take-out order analytics},
  author={Harman, Brett},
  year={2015},
  month=aug # "~11",
  publisher={Google Patents},
  note={{US} Patent 9,105,041}
}
@article{lee2016innovation,
  title={Innovation, entrepreneurship, and restaurant performance: A higher-order structural model},
  author={Lee, Craig and Hallak, Rob and Sardeshmukh, Shruti R},
  journal={Tourism Management},
  volume={53},
  pages={215--228},
  year={2016},
  publisher={Elsevier}
}

@misc{carroll2011system,
  title={System and method for generating a restaurant order on a wireless mobile personal computer},
  author={Carroll, Roger D and Ferber, Aaron Randall and Fox, Kathy and Jones, Mark Alexander and Jonsson, Stina Maria and Ko, Hyun Jin and Luna, Eleanor Elizabeth and Pollard, Jeff and Price, Carley Rachel and Price, Paul and others},
  year={2011},
  pages={165--182},
  month=oct # "~20",
  publisher={Google Patents},
  note={{US} Patent App. 12/760,534}
}
@misc{battistini1999order,
  title={Order communication system for restaurant},
  author={Battistini, Michael and Battistini, Gene},
  year={1999},
  month=may # "~25",
  publisher={Google Patents},
  note={{US} Patent 5,907,275}
}
@inproceedings{DBLP:conf/socpar/ShimmuraTA09,
  author    = {Takeshi Shimmura and
               Takeshi Takenaka and
               Motoyuki Akamatsu},
  editor    = {Ajith Abraham and
               Azah Kamilah Muda and
               Nanna Suryana Herman and
               Siti Mariyam Shamsuddin and
               Yun{-}Huoy Choo},
  title     = {Real-Time Process Management System in a Restaurant by Sharing Food
               Order Information},
  booktitle = {First International Conference of Soft Computing and Pattern Recognition,
               SoCPaR 2009, Malacca, Malaysia, December 4-7, 2009},
  pages     = {703--706},
  publisher = {{IEEE} Computer Society},
  year      = {2009},
  url       = {https://doi.org/10.1109/SoCPaR.2009.141},
  doi       = {10.1109/SoCPaR.2009.141},
  timestamp = {Wed, 16 Oct 2019 14:14:51 +0200},
  biburl    = {https://dblp.org/rec/conf/socpar/ShimmuraTA09.bib},
  bibsource = {dblp computer science bibliography, https://dblp.org}
}
@inproceedings{DBLP:conf/icisa/YangPSC13,
  author    = {Won Tak Yang and
               So Yeon Park and
               Dongjun Suh and
               Seongju Chang},
  title     = {{LAMF:} Lighting Adjustment for Mood by Food: {RFID} Based Context
               Aware Food Ordering and Lighting Control System at Restaurants},
  booktitle = {International Conference on Information Science and Applications,
               {ICISA} 2013, Hilton Pattaya Hotel, Pattaya, Thailand, June 24-26,
               2013},
  pages     = {1--3},
  publisher = {{IEEE}},
  year      = {2013},
  url       = {http://doi.ieeecomputersociety.org/10.1109/ICISA.2013.6579498},
  doi       = {10.1109/ICISA.2013.6579498},
  timestamp = {Wed, 16 Oct 2019 14:14:52 +0200},
  biburl    = {https://dblp.org/rec/conf/icisa/YangPSC13.bib},
  bibsource = {dblp computer science bibliography, https://dblp.org}
}

@inproceedings{liu2014design,
  title={Design and implement an application development platform based on open source technology},
  author={Liu, Tie Bin},
  booktitle={Advanced Materials Research},
  volume={989},
  pages={4332--4337},
  year={2014},
  organization={Trans Tech Publ}
}

@article{swain2019electrical,
  title={Electrical conduction mechanism for the investigation of charge ordering in Pr0. 5Ca0. 5MnO3 manganite system},
  author={Swain, Anupama and Kumar, PS Anil and Gorige, Venkataiah},
  journal={Journal of Magnetism and Magnetic Materials},
  volume={485},
  pages={358--368},
  year={2019},
  publisher={Elsevier}
}






@inproceedings{DBLP:conf/bigdata/ZhengZL13,
  author    = {Zibin Zheng and
               Jieming Zhu and
               Michael R. Lyu},
  title     = {Service-Generated Big Data and Big Data-as-a-Service: An Overview},
  booktitle = {{IEEE} International Congress on Big Data, BigData Congress 2013,
               Santa Clara, CA, USA, June 27 2013-July 2, 2013},
  pages     = {403--410},
  publisher = {{IEEE} Computer Society},
  year      = {2013},
  url       = {https://doi.org/10.1109/BigData.Congress.2013.60},
  doi       = {10.1109/BigData.Congress.2013.60},
  timestamp = {Wed, 16 Oct 2019 14:14:55 +0200},
  biburl    = {https://dblp.org/rec/conf/bigdata/ZhengZL13.bib},
  bibsource = {dblp computer science bibliography, https://dblp.org}
}

@Misc{InfoQDataServices,
    author={Vijay Narayanan},
    title={Introduction to Data Services},
    howpublished={\url{http://www.https://www.infoq.com/articles/narayanan-soa-data-services/}},
}

@article{CbgDataCenter,
  title={面向数据中心的多源异构数据统一访问框架},
  author={陆保国 and 雷斌},
  journal={指挥信息系统与技术},
  number={5},
  pages={17},
  year={2018}
}

@inproceedings{sethi2019presto,
  title={Presto: SQL on everything},
  author={Sethi, Raghav and Traverso, Martin and Sundstrom, Dain and Phillips, David and Xie, Wenlei and Sun, Yutian and Yegitbasi, Nezih and Jin, Haozhun and Hwang, Eric and Shingte, Nileema and others},
  booktitle={2019 IEEE 35th International Conference on Data Engineering (ICDE)},
  pages={1802--1813},
  year={2019},
  organization={IEEE}
}

@article{olson2009data,
  title={Data as a service: are we in the clouds?},
  author={Olson, John A},
  journal={Journal of Map \& Geography Libraries},
  volume={6},
  number={1},
  pages={76--78},
  year={2009},
  publisher={Taylor \& Francis}
}

@Misc{InfoQDataSimba,
    author={烟火},
    title={数据服务让业务开发更敏捷},
    howpublished={\url{https://www.infoq.cn/article/IyAzTgZONlUyNBBPVMbc}},
}

@Misc{AliyunRDS,
    author={aliyun},
    title={RDS MySQL Database Preface},
    howpublished={\url{https://www.alibabacloud.com/help/doc-detail/96047.htm?spm=a3c0i.11932690.1202242.3.4f02a302wrXWDX}},
}

@Misc{AliyunTableStore,
    author={Afzaal Ahmad Zeeshan},
    title={What is Tablestore?},
    howpublished={\url{https://www.alibabacloud.com/help/doc-detail/27280.html?spm=a2c5t.10695662.1996646101.searchclickresult.1fad1091DOfvpb}},
}

@inproceedings{vora2011hadoop,
  title={Hadoop-HBase for large-scale data},
  author={Vora, Mehul Nalin},
  booktitle={Proceedings of 2011 International Conference on Computer Science and Network Technology},
  volume={1},
  pages={601--605},
  year={2011},
  organization={IEEE}
}

@book{akhtar2016pro,
  title={Pro Apache Phoenix: An SQL Driver for HBase},
  author={Akhtar, Shakil and Magham, Ravi},
  year={2016},
  publisher={Apress}
}

@article{ouyang2016JDBC,
  title={基于 JDBC 的数据持久化层性能优化研究},
  author={欧阳宏基 and 葛萌 and 陈伟 and others},
  journal={网络新媒体技术},
  number={2016 年 05},
  pages={9--15},
  year={2016},
  publisher={中国科学院声学研究所}
}

@article{ouyang2016DataService,
  title={基于微服务的数据服务框架设计},
  author={欧阳荣彬 and 王倩宜 and 龙新征},
  journal={华中科技大学学报 (自然科学版)},
  volume={1},
  year={2016}
}






@Misc{GanttSystem,
    author={GanttProject开发组},
    title={GanttProject主页},
    howpublished={\url{http://www.ganttproject.biz}},
}


@book{Pohl2010Requirements,
  author    = {Klaus Pohl},
  title     = {Requirements Engineering - Fundamentals, Principles, and Techniques},
  publisher = {Springer},
  year      = {2010},
  url       = {http://www.springer.com/computer/swe/book/978-3-642-12577-5?changeHeader},
  isbn      = {978-3-642-12577-5},
  timestamp = {Fri, 04 Feb 2011 11:23:26 +0100},
  biburl    = {https://dblp.org/rec/bib/books/daglib/0024869},
  bibsource = {dblp computer science bibliography, https://dblp.org}
}

@article{DBLP:journals/computer/EgyedZHD18,
  author    = {Alexander Egyed and
              Klaus Zeman and
              Peter Hehenberger and
              Andreas Demuth},
  title     = {Maintaining Consistency across Engineering Artifacts},
  journal   = {{IEEE} Computer},
  volume    = {51},
  number    = {2},
  pages     = {28--35},
  year      = {2018},
  url       = {https://doi.org/10.1109/MC.2018.1451666},
  doi       = {10.1109/MC.2018.1451666},
  timestamp = {Tue, 06 Mar 2018 17:05:11 +0100},
  biburl    = {https://dblp.org/rec/bib/journals/computer/EgyedZHD18},
  bibsource = {dblp computer science bibliography, https://dblp.org}
}

@article{cyg2006,
  title={基于分布式中间件的传感器网络软件体系结构研究},
  author={程远国 and 尹迪},
  journal={计算机工程与科学},
  number={s2},
  pages={4-5},
  year={2006},
}

@article{DBLP:journals/ml/TingZCZWZ19,
  author    = {Kai Ming Ting and
              Ye Zhu and
              Mark J. Carman and
              Yue Zhu and
              Takashi Washio and
              Zhi{-}Hua Zhou},
  title     = {Lowest probability mass neighbour algorithms: relaxing the metric
              constraint in distance-based neighbourhood algorithms},
  journal   = {Machine Learning},
  volume    = {108},
  number    = {2},
  pages     = {331--376},
  year      = {2019},
  url       = {https://doi.org/10.1007/s10994-018-5737-x},
  doi       = {10.1007/s10994-018-5737-x},
  timestamp = {Wed, 06 Mar 2019 08:18:15 +0100},
  biburl    = {https://dblp.org/rec/bib/journals/ml/TingZCZWZ19},
  bibsource = {dblp computer science bibliography, https://dblp.org}
}
